@misc{lichman2013uci,
  author = {M. Lichman},
  year = {2013},
  title = {{UCI} Machine Learning Repository},
  url = {http://archive.ics.uci.edu/ml},
  institution = {University of California, Irvine, School of Information and Computer Sciences}
}

@article{breiman2001random,
  title={Random forests},
  author={Breiman, Leo},
  journal={Machine learning},
  volume={45},
  number={1},
  pages={5--32},
  year={2001},
  publisher={Springer}
}

@book{hastie2009elements,
  title={The elements of statistical learning: data mining, inference, and prediction},
  author={Hastie, Trevor and Tibshirani, Robert and Friedman, Jerome},
  year={2009},
  publisher={Springer Science \& Business Media}
}

@article{cover1967nearest,
  title={Nearest neighbor pattern classification},
  author={Cover, Thomas and Hart, Peter},
  journal={IEEE transactions on information theory},
  volume={13},
  number={1},
  pages={21--27},
  year={1967},
  publisher={IEEE}
}

@book{quinlan1993c4,
  title={C4. 5: programs for machine learning},
  author={Quinlan, J Ross},
  year={1993},
  publisher={Morgan kaufmann}
}

@misc{builtin2024random,
  title={Random Forest: A Complete Guide for Machine Learning},
  author={Built In},
  year={2024},
  url={https://builtin.com/data-science/random-forest-algorithm},
  note={Accessed: 2024}
}

@misc{geeksforgeeks2025random,
  title={Random Forest Algorithm in Machine Learning},
  author={GeeksforGeeks},
  year={2025},
  url={https://www.geeksforgeeks.org/machine-learning/random-forest-algorithm-in-machine-learning/},
  note={Accessed: 2025}
}

@misc{ibm2024random,
  title={What Is Random Forest?},
  author={IBM},
  year={2024},
  url={https://www.ibm.com/think/topics/random-forest},
  note={Accessed: 2024}
}

@misc{geeksforgeeks2025advantages,
  title={What are the Advantages and Disadvantages of Random Forest?},
  author={GeeksforGeeks},
  year={2025},
  url={https://www.geeksforgeeks.org/what-are-the-advantages-and-disadvantages-of-random-forest/},
  note={Accessed: 2025}
}

@misc{skillcamper2024ensemble,
  title={Random Forest: Why Ensemble Learning Outperforms Individual Models},
  author={SkillCamper},
  year={2024},
  url={https://www.skillcamper.com/blog/random-forest-why-ensemble-learning-outperforms-individual-models},
  note={Accessed: 2024}
}
